%% This BibTeX bibliography file was created using BibDesk.
%% http://bibdesk.sourceforge.net/


%% Created for Ashutosh Kumar at 2016-07-19 13:34:24 -0400 


%% Saved with string encoding Unicode (UTF-8) 



@article{Christiansen95:CC2,
	Author = {Christiansen, O. and Koch, H. and J{\o}rgensen, Poul},
	Date-Added = {2016-07-19 17:28:56 +0000},
	Date-Modified = {2016-07-19 17:34:16 +0000},
	Journal = {Chem. Phys. Lett.},
	Month = {September},
	Number = {5-6},
	Pages = {409-418},
	Title = {The second-order approximate coupled cluster singles and doubles model CC2},
	Volume = {243},
	Year = {1995}}

@article{Mach16,
	Author = {Mach, Taylor J. and Crawford, T. Daniel},
	Date-Added = {2016-07-07 22:23:36 +0000},
	Date-Modified = {2016-07-07 22:25:07 +0000},
	Journal = {in preparation},
	Title = {Computing Optical Rotation via an $N$-Body Approach II}}

@article{Becke93,
	Author = {A. D. Becke},
	Date-Added = {2016-07-07 22:20:35 +0000},
	Date-Modified = {2016-07-07 22:21:51 +0000},
	Journal = {J. Chem. Phys.},
	Number = {7},
	Pages = {5648--5652},
	Title = {Density-functional thermochemistry. III. The role of exact exchange},
	Volume = {98},
	Year = {1993}}


@article{Stephens94:B3LYP,
	Author = {P. J. Stephens and F. J. Devlin and C. F. Chabalowski and
M. J. Frisch},
	Journal = {J. Phys. Chem.},
	Number = {45},
	Pages = {11623-11627},
	Title = {{\em Ab initio} Calculation of Vibrational Absorption and
Circular Dichroism Spectra Using Density Functional Theory},
	Volume = {98},
	Year = {1994}}


@article{Lee88:LYP,
	Author = {C. Lee and W. Yang and R. G. Parr},
	Journal = {Phys. Rev. B.},
	Pages = {785-789},
	Title = {Development of the Colle-Salvetti correlation-energy
formula into a functional of the electron density},
	Volume = 37,
	Year = 1988}


@article{psi4,
	Author = {Turney, Justin M. and Simmonett, Andrew C. and Parrish, Robert M. and Hohenstein, Edward G. and Evangelista, Francesco A. and Fermann, J. T. and Mintz, Benjamin J. and Burns, Lori A. and Wilke, Jeremiah J. and Abrams, Micah L. and Russ, Nicholas J. and Leininger, Matthew L. and Janssen, Curtis L. and Seidl, Edward T. and Allen, Wesley D. and Schaefer, Henry F. and King, Rollin A. and Valeev, Edward. F. and Sherrill, C. David and Crawford, T. Daniel},
	Date-Added = {2016-07-07 22:12:29 +0000},
	Date-Modified = {2016-07-07 22:13:09 +0000},
	Journal = {WIREs. Comput. Mol. Sci.},
	Pages = {556-565},
	Title = {Psi4: an open‐source ab initio electronic structure program},
	Volume = {2},
	Year = {2012}}

@article{Dunning01,
	Author = {Dunning, T. H. and Peterson, Kirk A. and Wilson, A. K.},
	Date-Added = {2016-07-07 22:04:40 +0000},
	Date-Modified = {2016-07-07 22:07:22 +0000},
	Journal = {J. Chem. Phys.},
	Pages = {9244-9253},
	Title = {Gaussian basis sets for use in correlated molecular calculations. X. The atoms aluminum through argon revisited},
	Volume = {114},
	Year = {2001}}


@article{Kendall92,
	Author = {R. A. Kendall and T. H. Dunning and R. J. Harrison},
	Journal = {J. Chem. Phys.},
	Number = 9,
	Pages = {6796-6806},
	Title = {Electron effinities of the first-row atoms revisited.
Systematic basis sets and wave functions},
	Volume = 96,
	Year = 1992}

@article{Dunning89,
	Author = {Dunning, T. H.},
	Date-Added = {2016-07-07 22:02:39 +0000},
	Date-Modified = {2016-07-07 22:04:32 +0000},
	Journal = {J. Chem. Phys.},
	Pages = {1007},
	Title = {Gaussian basis sets for use in correlated molecular calculations. I. The atoms boron through neon},
	Volume = {90},
	Year = {1989}}


@article{Purvis82,
	Author = {G. D. Purvis and R. J. Bartlett},
	Journal = {J. Chem. Phys.},
	Pages = {1910-1918},
	Title = {A full coupled-cluster singles and doubles model: The
inclusion of disconnected triples},
	Volume = 76,
	Year = 1982}

@article{Landau10,
	Author = {A. Landau and K. Khistyaev and S. Dolgikh and A. I. Krylov},
	Journal = {J. Chem. Phys.},
	Pages = {014109},
	Title = {Frozen natural orbitals for ionized states within equation-of-motion coupled-cluster formalism},
	Volume = {132},
	Year = {2010}}

@article{Lowdin55,
	Author = {P.-O. L{\"o}wdin},
	Journal = {Phys. Rev.},
	Number = {6},
	Pages = {1474-1489},
	Title = {Quantum Theory of Many-Particle Systems. I. Physical Interpretations by Means of Density Matrices, Natural Spin-Orbitals, and Convergence Problems in the Method of Configurational Interaction},
	Volume = {97},
	Year = {1955}}

@article{Edmiston66,
	Author = {C. Edmiston and M. Krauss},
	Journal = {J. Chem. Phys.},
	Number = {5},
	Pages = {1833-1839},
	Title = {Pseudonatural Orbitals as a Basis for the Superposition of Configurations. I. He$_2^+$},
	Volume = {45},
	Year = {1966}}

@article{Bender69,
	Author = {C. F. Bender and E. R. Davidson},
	Journal = {Phys. Rev.},
	Number = {1},
	Pages = {23-30},
	Title = {Studies in Configuration Interaction: The First-Row Diatomic Hydrides},
	Volume = {183},
	Year = {1969}}

@article{Barr70,
	Author = {T. L. Barr and E. R. Davidson},
	Journal = {Phys. Rev. A},
	Number = {3},
	Pages = {644-658},
	Title = {Nature of the Configuration-Interaction Method in {\em Ab Initio} Calculations. I. Ne Ground State},
	Volume = {1},
	Year = {1970}}

@article{Meyer73,
	Author = {W. Meyer},
	Journal = {J. Chem. Phys.},
	Pages = 1017,
	Title = {{PNO-CI} Studies of electron correlation effects. {I.} {Configuration} expansion by means of nonorthogonal orbitals, and application of the ground state and ionized states of methane},
	Volume = 58,
	Year = 1973}

@article{Ahlrichs75,
	Author = {R. Ahlrichs and H. Lischka and V. Staemmler and W. Kutzelnigg},
	Journal = {J. Chem. Phys.},
	Number = {4},
	Pages = {1225-1234},
	Title = {PNO-CI (pair natural orbital configuration interaction) and CEPA-PNO (coupled cluster pair approxiomation with pair natural orbitals) calculations of molecular systems. I. Outline of the method for closed-shell states},
	Volume = {62},
	Year = {1975}}

@article{Jensen88,
	Author = {H. J{\o}rgen {Aa.} Jensen and P. J{\o}rgensen and H. {\AA}gren and J. Olsen},
	Journal = {J. Chem. Phys.},
	Number = {6},
	Pages = {3834-3839},
	Title = {Second‐order M{\o}ller--Plesset perturbation theory as a configuration and orbital generator in multiconfiguration self‐consistent field calculations},
	Volume = {88},
	Year = {1988}}

@article{Sosa89,
	Author = {C. Sosa and J. Geertsen and G. W. Trucks and R. J. Bartlett and J. A. Franz},
	Journal = {Chem. Phys. Lett.},
	Number = {2,3},
	Pages = {148-154},
	Title = {Selection of the Reduced Virtual Space for Correlated Calculations. An Application to the Energy and Dipole Moment of H$_2$O},
	Volume = {159},
	Year = {1989}}

@article{Fermann94,
	Author = {J. T. Fermann and C. D> Sherrill and T. D. Crawford and H. F. Schaefer},
	Journal = {J. Chem. Phys.},
	Pages = {8132-8139},
	Title = {Benchmark Studies of Electron Correlation in Six-Electron Systems},
	Volume = 100,
	Year = 1994}

@article{Sherrill98:CI,
	Author = {C. D. Sherrill and H. F. Schaefer},
	Journal = {Adv. Quantum Chem.},
	Pages = {143-269},
	Title = {The configuration interaction method: Advances in highly correlated approaches},
	Volume = 34,
	Year = 1999}

@article{Abrams04,
	Author = {M. L. Abrams and C. D. Sherrill},
	Journal = {Chem. Phys. Lett.},
	Pages = {227-232},
	Title = {Natural orbitals as substitutes for optimized orbitals in complete active space wavefunctions},
	Volume = {395},
	Year = {2004}}

@article{Taube08,
	Author = {A. G. Taube and R. J. Bartlett},
	Journal = {J. Chem. Phys.},
	Pages = {164101},
	Title = {Frozen natural orbital coupled-cluster theory: Forces and application to decomposition of nitroethane},
	Volume = {128},
	Year = {2008}}

@article{Taube05,
	Author = {A. G. Taube and R. J. Bartlett},
	Journal = {Coll. Czech. Chem. Commun.},
	Number = {6},
	Pages = {837-850},
	Title = {Frozen Natural Orbitals: Systematic Basis Set Truncation for Coupled-Cluster Theory},
	Volume = {70},
	Year = {2005}}

@article{Neese09,
	Author = {F. Neese and A. Hansen and D. G. Liakos},
	Journal = {J. Chem. Phys.},
	Pages = {064103},
	Title = {Efficient and accurate approximations to the local coupled cluster singles doubles method using a truncated pair natural orbital basis},
	Volume = {131},
	Year = {2009}}

@article{DePrince13,
	Author = {A. E. DePrince and C. D. Sherrill},
	Journal = {J. Chem. Theory. Comp.},
	Pages = {2687-2696},
	Title = {Accuracy and Efficiency of Coupled-Cluster Theory Using Density Fitting/Cholesky Decomposition, Frozen Natural Orbitals, and a $t_1$‐Transformed Hamiltonian},
	Volume = {9},
	Year = {2013}}

@article{DePrince13:FNOs,
	Author = {A. E. DePrince and C. D. Sherrill},
	Journal = {J. Chem. Theory Comput.},
	Pages = {293-299},
	Title = {Accurate Noncovalent Interaction Energies Using Truncated Basis Sets Based on Frozen Natural Orbitals},
	Volume = {9},
	Year = {2013}}

@article{Riplinger16,
	Author = {C. Riplinger and P. Pinski and U. Becker and E. F. Valeev and F. Neese},
	Journal = {J. Chem. Phys.},
	Pages = {024109},
	Title = {Sparse maps --- A systematic infrastructure for reduced-scaling electornic structure methods. II. Linear scaling domain based pair natural orbital coupled cluster theory},
	Volume = {144},
	Year = {2016}}

@incollection{Crawford00:review,
	Address = {New York},
	Author = {T. D. Crawford and H. F. Schaefer},
	Booktitle = {Reviews in Computational Chemistry},
	Chapter = 2,
	Editor = {K. B. Lipkowitz and D. B. Boyd},
	Pages = {33-136},
	Publisher = {VCH Publishers},
	Title = {An introduction to coupled cluster theory for computational chemists},
	Volume = 14,
	Year = 2000}

@incollection{Gauss98,
	Address = {Chichester},
	Author = {J. Gauss},
	Booktitle = {Encyclopedia of Computational Chemistry},
	Editor = {P.v.R. Schleyer and N. L. Allinger and T. Clark and J. Gasteiger and P. A. Kollman and H. F. {Schaefer III} and P. R. Schreiner},
	Pages = {615-636},
	Publisher = {John Wiley and Sons},
	Title = {The coupled-cluster method},
	Year = 1998}

@book{Shavitt09,
	Address = {Cambridge},
	Author = {I. Shavitt and R. J. Bartlett},
	Publisher = {Cambridge University Press},
	Title = {Many-Body Methods in Chemistry and Physics: MBPT and Coupled-Cluster Theory},
	Year = {2009}}

@article{McAlexander12,
	Author = {H. R. McAlexander and T. J. Mach and T. D. Crawford},
	Journal = {Phys. Chem. Chem. Phys.},
	Number = {21},
	Pages = {7830-7836},
	Title = {Localized optimized orbitals, coupled cluster theory, and chiroptical response properties},
	Volume = {14},
	Year = {2012}}

@article{Friedrich15,
	Author = {J. Friedrich and H. R. McAlexander and A. Kumar and T. D. Crawford},
	Journal = {Phys. Chem. Chem. Phys.},
	Pages = {14284-14296},
	Title = {Incremental evaluation of coupled cluster dipole polarizabilities},
	Volume = {17},
	Year = {2015}}

@article{McAlexander15:LRCC,
	Author = {H. R. McAlexander and T. D. Crawford},
	Journal = {J. Chem. Theory Comp.},
	Number = {1},
	Pages = {209-222},
	Title = {A Comparison of Three Approaches to the Reduced-Scaling Coupled Cluster Treatment of Non-Resonant Molecular Response Properties},
	Volume = {12},
	Year = {2016}}

@article{Russ04,
	Author = {N. J. Russ and T. D. Crawford},
	Journal = {Chem. Phys. Lett.},
	Pages = {104-111},
	Title = {Local correlation in coupled cluster calculations of molecular response properties},
	Volume = 400,
	Year = 2004}

@article{Russ08,
	Author = {N. J. Russ and T. D. Crawford},
	Journal = {Phys. Chem. Chem. Phys.},
	Pages = {3345-3352},
	Title = {Local Correlation Domains for Coupled Cluster Theory: Optical Rotation and Magnetic Field Perturbations},
	Volume = {10},
	Year = {2008}}

@article{Korona04,
	Author = {T. Korona and K. Pfl{\"u}ger and H.-J. Werner},
	Journal = {Phys. Chem. Chem. Phys},
	Pages = {2059-2065},
	Title = {The effect of local approximations in coupled-cluster wave functions on dipole moments and static dipole polarizabilities},
	Volume = 6,
	Year = 2004}

@article{Mach14,
	Author = {T. J. Mach and T. D. Crawford},
	Journal = {Theor. Chem. Acc.},
	Pages = {1449},
	Title = {Computing Optical Rotation via an $N$-Body Approach},
	Volume = {133},
	Year = {2014}}


@article{Christiansen98,
	Author = {O. Christiansen and P. J{\o}rgensen and C. H{\"a}ttig},
	Journal = {Int. J. Quantum Chem.},
	Pages = {1-52},
	Title = {Response functions from Fourier component variational
perturbation theory applied to a time-averaged quasienergy},
	Volume = 68,
	Year = 1998}

@article{Rice91,
	Author = {J. E. Rice and N. C. Handy},
	Journal = {J. Chem. Phys.},
	Number = {7},
	Pages = {4959-4971},
	Title = {The calculation of frequency-dependent polarizabilities
and pseudo-energy derivatives},
	Volume = {94},
	Year = {1991}}


@article{Hattig95,
	Author = {C. H{\"a}ttig and B. A. He{\ss}},
	Journal = {Chem. Phys. Lett.},
	Pages = {359-370},
	Title = {Correlated frequency-dependent polarizabilities and
dispersion coefficients in the time-dependent second-order
M{\o}ller-Plesset approximation},
	Volume = {233},
	Year = {1995}}


@article{Aiga96,
	Author = {F. Aiga and R. Itoh},
	Journal = {Chem. Phys. Lett.},
	Pages = {372-380},
	Title = {Calculation of frequency-dependent polarizability and
hyperpolarizabilities by the second-order M{\o}ller-Plesset perturbation
theory},
	Volume = {251},
	Year = {1996}}


@article{Helgaker12,
	Author = {T. Helgaker and S. Coriani and P. J{\o}rgensen and K.
Kristensen and J. Olsen and K. Ruud},
	Journal = {Chem. Rev.},
	Pages = {543-631},
	Title = {Recent Advances in Wave Function-Based Methods of
Molecular -Property Calculations},
	Volume = {112},
	Year = {2012}}

